% Template Bibliography file for Decision Support Systems Literature Review
% Format: BibTeX
% 
% INSTRUCTIONS:
% 1. Replace [Nama Penulis], [Nama Jurnal], etc. with actual information from your papers
% 2. Add additional references as needed for your literature review
% 3. Ensure all entries follow proper BibTeX format

% Main papers being reviewed
@article{saw_bantuan_pendidikan,
    title={Aplikasi untuk Mencari Kelayakan Siswa Penerima Bantuan Pendidikan dengan Metode Simple Additive Weighting},
    author={[Nama Penulis Paper 1]},
    journal={[Nama Jurnal]},
    volume={[Volume]},
    number={[Nomor]},
    pages={[Halaman]},
    year={[Tahun]},
    publisher={[Penerbit]}
}

@article{neural_network_beasiswa,
    title={Perancangan Sistem Pendukung Keputusan untuk Prediksi Penerima Beasiswa Menggunakan Metode Neural Network},
    author={[Nama Penulis Paper 2]},
    journal={[Nama Jurnal]},
    volume={[Volume]},
    number={[Nomor]},
    pages={[Halaman]},
    year={[Tahun]},
    publisher={[Penerbit]}
}

% Basic theoretical references - ADD MORE AS NEEDED
@book{turban2005decision,
    title={Decision Support Systems and Intelligent Systems},
    author={Turban, Efraim and Aronson, Jay E and Liang, Ting-Peng},
    year={2005},
    publisher={Pearson Prentice Hall},
    edition={7th}
}

@book{haykin2009neural,
    title={Neural Networks and Learning Machines},
    author={Haykin, Simon S},
    year={2009},
    publisher={Pearson Education},
    edition={3rd}
}

% SAW method references - ADD MORE AS NEEDED
@article{fishburn1967additive,
    title={Additive utilities with incomplete product sets: application to priorities and assignments},
    author={Fishburn, Peter C},
    journal={Operations Research},
    volume={15},
    number={3},
    pages={537--542},
    year={1967},
    publisher={INFORMS}
}

% Neural Network references - ADD MORE AS NEEDED
@article{mcculloch1943logical,
    title={A logical calculus of the ideas immanent in nervous activity},
    author={McCulloch, Warren S and Pitts, Walter},
    journal={The Bulletin of Mathematical Biophysics},
    volume={5},
    number={4},
    pages={115--133},
    year={1943},
    publisher={Springer}
}

% Decision support systems references - ADD MORE AS NEEDED
@book{russell2016artificial,
    title={Artificial Intelligence: A Modern Approach},
    author={Russell, Stuart J and Norvig, Peter},
    year={2016},
    publisher={Pearson Education Limited},
    edition={3rd}
}

% Educational context references - ADD MORE AS NEEDED
@article{indonesia_education_policy,
    title={[Judul Paper tentang Kebijakan Pendidikan Indonesia]},
    author={[Nama Penulis]},
    journal={[Nama Jurnal]},
    volume={[Volume]},
    number={[Nomor]},
    pages={[Halaman]},
    year={[Tahun]},
    publisher={[Penerbit]}
}

% ADD YOUR ADDITIONAL REFERENCES BELOW THIS LINE
% Use appropriate BibTeX entry types: @article, @book, @inproceedings, @techreport, etc.
