% Example Bibliography file for Decision Support Systems Literature Review
% This is a filled example based on the two research papers about decision support systems for educational aid

% Main papers being reviewed
@article{saw_bantuan_pendidikan,
    title={Aplikasi untuk Mencari Kelayakan Siswa Penerima Bantuan Pendidikan dengan Metode Simple Additive Weighting},
    author={Contoh, A. and Peneliti, B.},
    journal={Jurnal Teknologi Informasi dan Pendidikan},
    volume={8},
    number={2},
    pages={45--52},
    year={2023},
    publisher={Universitas Teknologi Indonesia}
}

@article{neural_network_beasiswa,
    title={Perancangan Sistem Pendukung Keputusan untuk Prediksi Penerima Beasiswa Menggunakan Metode Neural Network},
    author={Contoh, C. and Peneliti, D. and Ahli, E.},
    journal={Indonesian Journal of Computing and Cybernetics Systems},
    volume={15},
    number={3},
    pages={287--296},
    year={2023},
    publisher={Universitas Gadjah Mada}
}

% Theoretical foundation references
@book{turban2005decision,
    title={Decision Support Systems and Intelligent Systems},
    author={Turban, Efraim and Aronson, Jay E and Liang, Ting-Peng},
    year={2005},
    publisher={Pearson Prentice Hall},
    edition={7th}
}

@book{haykin2009neural,
    title={Neural Networks and Learning Machines},
    author={Haykin, Simon S},
    year={2009},
    publisher={Pearson Education},
    edition={3rd}
}

% SAW method references
@article{fishburn1967additive,
    title={Additive utilities with incomplete product sets: application to priorities and assignments},
    author={Fishburn, Peter C},
    journal={Operations Research},
    volume={15},
    number={3},
    pages={537--542},
    year={1967},
    publisher={INFORMS}
}

@article{yoon1995behavioral,
    title={A behavioral approach to the multi-attribute decision making problem},
    author={Yoon, KP and Hwang, CL},
    journal={Multiple Attribute Decision Making: An Introduction},
    pages={128--142},
    year={1995},
    publisher={Sage Publications}
}

@inproceedings{kusumadewi2006fuzzy,
    title={Fuzzy Multi-Attribute Decision Making (Fuzzy MADM)},
    author={Kusumadewi, Sri and Hartati, Sri and Harjoko, Agus and Wardoyo, Retantyo},
    booktitle={Proceedings of Fuzzy Logic},
    year={2006},
    organization={Graha Ilmu}
}

% Neural Network references
@article{mcculloch1943logical,
    title={A logical calculus of the ideas immanent in nervous activity},
    author={McCulloch, Warren S and Pitts, Walter},
    journal={The Bulletin of Mathematical Biophysics},
    volume={5},
    number={4},
    pages={115--133},
    year={1943},
    publisher={Springer}
}

@article{rumelhart1986learning,
    title={Learning representations by back-propagating errors},
    author={Rumelhart, David E and Hinton, Geoffrey E and Williams, Ronald J},
    journal={Nature},
    volume={323},
    number={6088},
    pages={533--536},
    year={1986},
    publisher={Nature Publishing Group}
}

@article{hornik1989multilayer,
    title={Multilayer feedforward networks are universal approximators},
    author={Hornik, Kurt and Stinchcombe, Maxwell and White, Halbert},
    journal={Neural Networks},
    volume={2},
    number={5},
    pages={359--366},
    year={1989},
    publisher={Elsevier}
}

% Decision support systems in education
@article{kuo2002decision,
    title={A decision support system for selecting convenience store location through integration of fuzzy AHP and artificial neural network},
    author={Kuo, RJ and Chi, SC and Kao, SS},
    journal={Computers in Industry},
    volume={47},
    number={2},
    pages={199--214},
    year={2002},
    publisher={Elsevier}
}

@article{pendharkar2001neural,
    title={A neural network approach to classification of multimedia data},
    author={Pendharkar, Parag C},
    journal={Information Systems Research},
    volume={12},
    number={4},
    pages={415--428},
    year={2001},
    publisher={INFORMS}
}

% Machine learning and AI references
@book{russell2016artificial,
    title={Artificial Intelligence: A Modern Approach},
    author={Russell, Stuart J and Norvig, Peter},
    year={2016},
    publisher={Pearson Education Limited},
    edition={3rd}
}

@book{mitchell1997machine,
    title={Machine Learning},
    author={Mitchell, Tom M},
    year={1997},
    publisher={McGraw-Hill},
    address={New York}
}

@article{lecun2015deep,
    title={Deep learning},
    author={LeCun, Yann and Bengio, Yoshua and Hinton, Geoffrey},
    journal={Nature},
    volume={521},
    number={7553},
    pages={436--444},
    year={2015},
    publisher={Nature Publishing Group}
}

% Educational context and policy references
@article{indonesia_education_policy,
    title={Kebijakan Bantuan Pendidikan di Indonesia: Analisis dan Implementasi},
    author={Sari, Maya and Pratama, Indra},
    journal={Jurnal Kebijakan Pendidikan Indonesia},
    volume={12},
    number={1},
    pages={15--28},
    year={2022},
    publisher={Kemendikbud}
}

@conference{decision_support_indonesia,
    title={Implementasi Sistem Pendukung Keputusan dalam Sektor Pendidikan Indonesia},
    author={Wijaya, Andi and Sari, Dewi},
    booktitle={Seminar Nasional Teknologi Informasi dan Komunikasi},
    pages={234--241},
    year={2023},
    organization={Institut Teknologi Bandung}
}

% Multi-criteria decision making references
@article{saaty1988what,
    title={What is the Analytic Hierarchy Process?},
    author={Saaty, Thomas L},
    journal={Mathematical Models for Decision Support},
    pages={109--121},
    year={1988},
    publisher={Springer}
}

@article{zimmermann1991fuzzy,
    title={Fuzzy Set Theory and Its Applications},
    author={Zimmermann, H-J},
    journal={Kluwer Academic Publishers},
    year={1991},
    publisher={Boston}
}

% Performance evaluation references
@article{powers2011evaluation,
    title={Evaluation: from precision, recall and F-measure to ROC, informedness, markedness and correlation},
    author={Powers, David Martin},
    journal={Journal of Machine Learning Technologies},
    volume={2},
    number={1},
    pages={37--63},
    year={2011}
}

@inproceedings{fawcett2006introduction,
    title={An introduction to ROC analysis},
    author={Fawcett, Tom},
    booktitle={Pattern Recognition Letters},
    volume={27},
    number={8},
    pages={861--874},
    year={2006},
    organization={Elsevier}
}