% Bibliography file for Decision Support Systems Literature Review
% Format: BibTeX

@article{saw_bantuan_pendidikan,
    title={Aplikasi untuk Mencari Kelayakan Siswa Penerima Bantuan Pendidikan dengan Metode Simple Additive Weighting},
    author={[Nama Penulis Paper 1]},
    journal={[Nama Jurnal]},
    volume={[Volume]},
    number={[Nomor]},
    pages={[Halaman]},
    year={[Tahun]},
    publisher={[Penerbit]}
}

@article{neural_network_beasiswa,
    title={Perancangan Sistem Pendukung Keputusan untuk Prediksi Penerima Beasiswa Menggunakan Metode Neural Network},
    author={[Nama Penulis Paper 2]},
    journal={[Nama Jurnal]},
    volume={[Volume]},
    number={[Nomor]},
    pages={[Halaman]},
    year={[Tahun]},
    publisher={[Penerbit]}
}

% Additional references for theoretical background
@book{turban2005decision,
    title={Decision Support Systems and Intelligent Systems},
    author={Turban, Efraim and Aronson, Jay E and Liang, Ting-Peng},
    year={2005},
    publisher={Pearson Prentice Hall},
    edition={7th}
}

@article{fishburn1967additive,
    title={Additive utilities with incomplete product sets: application to priorities and assignments},
    author={Fishburn, Peter C},
    journal={Operations Research},
    volume={15},
    number={3},
    pages={537--542},
    year={1967},
    publisher={INFORMS}
}

@book{haykin2009neural,
    title={Neural Networks and Learning Machines},
    author={Haykin, Simon S},
    year={2009},
    publisher={Pearson Education},
    edition={3rd}
}

@article{saaty1988what,
    title={What is the Analytic Hierarchy Process?},
    author={Saaty, Thomas L},
    journal={Mathematical Models for Decision Support},
    pages={109--121},
    year={1988},
    publisher={Springer}
}

@article{mcculloch1943logical,
    title={A logical calculus of the ideas immanent in nervous activity},
    author={McCulloch, Warren S and Pitts, Walter},
    journal={The Bulletin of Mathematical Biophysics},
    volume={5},
    number={4},
    pages={115--133},
    year={1943},
    publisher={Springer}
}

@inproceedings{kusumadewi2006fuzzy,
    title={Fuzzy Multi-Attribute Decision Making (Fuzzy MADM)},
    author={Kusumadewi, Sri and Hartati, Sri and Harjoko, Agus and Wardoyo, Retantyo},
    booktitle={Proceedings of Fuzzy Logic},
    year={2006},
    organization={Graha Ilmu}
}

@article{zimmermann1991fuzzy,
    title={Fuzzy Set Theory and Its Applications},
    author={Zimmermann, H-J},
    journal={Kluwer Academic Publishers},
    year={1991},
    publisher={Boston}
}

@book{russell2016artificial,
    title={Artificial Intelligence: A Modern Approach},
    author={Russell, Stuart J and Norvig, Peter},
    year={2016},
    publisher={Pearson Education Limited},
    edition={3rd}
}

% Example references for SAW method
@article{yoon1995behavioral,
    title={A behavioral approach to the multi-attribute decision making problem},
    author={Yoon, KP and Hwang, CL},
    journal={Multiple Attribute Decision Making: An Introduction},
    pages={128--142},
    year={1995},
    publisher={Sage Publications}
}

% Example references for Neural Networks in decision making
@article{kuo2002decision,
    title={A decision support system for selecting convenience store location through integration of fuzzy AHP and artificial neural network},
    author={Kuo, RJ and Chi, SC and Kao, SS},
    journal={Computers in Industry},
    volume={47},
    number={2},
    pages={199--214},
    year={2002},
    publisher={Elsevier}
}

@article{pendharkar2001neural,
    title={A neural network approach to classification of multimedia data},
    author={Pendharkar, Parag C},
    journal={Information Systems Research},
    volume={12},
    number={4},
    pages={415--428},
    year={2001},
    publisher={INFORMS}
}

% Indonesian educational context references
@article{indonesia_education_policy,
    title={Kebijakan Bantuan Pendidikan di Indonesia: Analisis dan Implementasi},
    author={[Penulis Indonesia]},
    journal={Jurnal Pendidikan Indonesia},
    volume={[Volume]},
    number={[Nomor]},
    pages={[Halaman]},
    year={[Tahun]},
    publisher={Kemendikbud}
}

@conference{decision_support_indonesia,
    title={Implementasi Sistem Pendukung Keputusan dalam Sektor Pendidikan Indonesia},
    author={[Penulis Indonesia]},
    booktitle={Seminar Nasional Teknologi Informasi},
    year={[Tahun]},
    organization={[Organizer]}
}